<?xml version="1.0" encoding="UTF-8"?><collection xmlns="http://www.loc.gov/MARC21/slim"><record><leader>00428nam--2200145-i-4500</leader><controlfield tag="001">000023036</controlfield><controlfield tag="002">20161230</controlfield><controlfield tag="005">20161230201034</controlfield><controlfield tag="008">060222s1000------------r-----000-0-eng-d</controlfield><datafield ind1=" " ind2=" " tag="080"><subfield code="a">621.382.3</subfield></datafield><datafield ind1=" " ind2=" " tag="100"><subfield code="a">Hibberd, R.G</subfield></datafield><datafield ind1=" " ind2=" " tag="245"><subfield code="a">Integrated circuits. a basic course for engineers and technicians</subfield></datafield><datafield ind1=" " ind2=" " tag="260"><subfield code="a">New York, Mcgraw-hill Book Co., 1969, Xiii + 177 P</subfield></datafield><datafield ind1=" " ind2=" " tag="490"><subfield code="a">Texas Instruments Electronics Series</subfield></datafield><datafield ind1=" " ind2=" " tag="852"><subfield code="a">34247</subfield></datafield></record></collection>